@book{MAS2008,
author = {Shoham, Yoav and Leyton-Brown, Kevin},
publisher = {Cambridge University Press},
title = {{Multiagent Systems: Algorithmic, Game-Theoretic, and Logical Foundations}},
edition = {Revision 1.1}
year = {2009}
}

@online{PacmanVsGhosts,
author = {Rohlfshagen, Philipp and Robles, David and M. Lucas, Simon},
title = {Ms Pac-Man vs Ghosts Competition},
url = {http://www.pacman-vs-ghosts.net/}
}

@online{MctsAi,
title = {Everything Monte Carlo Tree Search},
url = {http://mcts.ai/}
}

@phdthesis{ChaslotPhd2010,
author = {Guillaume Chaslot},
title = {Monte-Carlo Tree Search},
year = {2010},
school = {Maastricht University},
}

@MISC{Berry85banditproblems,
    author = {Daniel M. Berry},
    title = {Bandit Problems},
    year = {1985}
}
